@misc{author_year,
    author = {Author, A.},
    title = {Title of the work},
    year = {2025},
    publisher = {Publisher},
}
