@article{maxwell1865,
  author  = {Maxwell, James Clerk},
  title   = {A Dynamical Theory of the Electromagnetic Field},
  journal = {Philosophical Transactions of the Royal Society of London},
  volume  = {155},
  pages   = {459--512},
  year    = {1865},
}

@book{jackson1999,
  author    = {Jackson, John David},
  title     = {Classical Electrodynamics},
  edition   = {3rd},
  publisher = {Wiley},
  year      = {1999},
}

@book{griffiths2017,
  author    = {Griffiths, David J.},
  title     = {Introduction to Electrodynamics},
  edition   = {4th},
  publisher = {Cambridge University Press},
  year      = {2017},
}

@article{shannon1948,
  author  = {Shannon, Claude E.},
  title   = {A Mathematical Theory of Communication},
  journal = {Bell System Technical Journal},
  volume  = {27},
  number  = {3},
  pages   = {379--423},
  year    = {1948},
}

@article{shannon1949,
  author  = {Shannon, Claude E.},
  title   = {Communication in the Presence of Noise},
  journal = {Proceedings of the IRE},
  volume  = {37},
  number  = {1},
  pages   = {10--21},
  year    = {1949},
}

@book{coverthomas2006,
  author    = {Cover, Thomas M. and Thomas, Joy A.},
  title     = {Elements of Information Theory},
  edition   = {2nd},
  publisher = {Wiley-Interscience},
  year      = {2006},
}

@book{mackay2003,
  author    = {MacKay, David J. C.},
  title     = {Information Theory, Inference, and Learning Algorithms},
  publisher = {Cambridge University Press},
  year      = {2003},
}

@article{verdu1998,
    author = {Verd√∫, Sergio},
    title = {Fifty Years of Shannon Theory},
    journal = {IEEE Transactions on Information Theory},
    volume = {44},
    number = {6},
    pages = {2057-2078},
    year = {1998},
}

@inproceedings{berrou1993,
    author = {Berrou, Claude and Glavieux, Alain and Thitimajshima, Punya},
    title = {Near Shannon Limit Error-Correcting Coding and Decoding: Turbo-Codes},
    booktitle = {Proceedings of IEEE International Conference on Communications (ICC '93)},
    year = {1993},
    volume = {2},
    pages = {1064-1070},
}