% ============================================================================
% Chimera Book Bibliography
% ============================================================================
% This file contains BibTeX entries for all references cited in the book.
% Entries are organized by type and tagged with keywords for easy filtering.
%
% Entry Types:
%   @book       - Textbooks and monographs
%   @article    - Journal articles
%   @inproceedings - Conference papers
%   @techreport - Standards and technical reports
%   @misc       - Software, websites, and other resources
%
% Keywords:
%   core        - Foundational textbooks
%   coding      - Error correction and channel coding
%   modulation  - Modulation schemes
%   propagation - Channel models and propagation
%   antenna     - Antenna theory
%   quantum     - Quantum biology and consciousness
%   military    - Covert communications
%   standards   - ITU-R, 3GPP, IEEE, DVB standards
%   software    - GNURadio, simulation tools
%   wireless    - Modern wireless systems
%   dsp         - Digital signal processing
% ============================================================================

% ============================================================================
% TEXTBOOKS - Digital Communications & Signal Processing
% ============================================================================

@book{proakissalehi2007,
  author    = {Proakis, John G. and Salehi, Masoud},
  title     = {Digital Communications},
  edition   = {5th},
  publisher = {McGraw-Hill},
  year      = {2007},
  keywords  = {core,modulation,coding}
}

@book{haykin2013,
  author    = {Haykin, Simon},
  title     = {Communication Systems},
  edition   = {5th},
  publisher = {Wiley},
  year      = {2013},
  keywords  = {core,modulation}
}

@book{sklar2001,
  author    = {Sklar, Bernard},
  title     = {Digital Communications: Fundamentals and Applications},
  edition   = {2nd},
  publisher = {Prentice Hall},
  year      = {2001},
  keywords  = {core,modulation,coding}
}

@book{tseviswanath2005,
  author    = {Tse, David and Viswanath, Pramod},
  title     = {Fundamentals of Wireless Communication},
  publisher = {Cambridge University Press},
  year      = {2005},
  keywords  = {core,wireless,modulation}
}

@book{goldsmith2005,
  author    = {Goldsmith, Andrea},
  title     = {Wireless Communications},
  publisher = {Cambridge University Press},
  year      = {2005},
  keywords  = {core,wireless,propagation}
}

@book{oppenheimschafer2009,
  author    = {Oppenheim, Alan V. and Schafer, Ronald W.},
  title     = {Discrete-Time Signal Processing},
  edition   = {3rd},
  publisher = {Prentice Hall},
  year      = {2009},
  keywords  = {core,dsp}
}

% ============================================================================
% TEXTBOOKS - Channel Coding Theory
% ============================================================================

@book{richardsonurbanke2008,
  author    = {Richardson, Tom and Urbanke, Ruediger},
  title     = {Modern Coding Theory},
  publisher = {Cambridge University Press},
  year      = {2008},
  keywords  = {coding}
}

@book{moon2005,
  author    = {Moon, Todd K.},
  title     = {Error Correction Coding: Mathematical Methods and Algorithms},
  publisher = {Wiley},
  year      = {2005},
  keywords  = {coding}
}

@book{lincostello2004,
  author    = {Lin, Shu and Costello, Daniel J.},
  title     = {Error Control Coding},
  edition   = {2nd},
  publisher = {Prentice Hall},
  year      = {2004},
  keywords  = {coding}
}

% ============================================================================
% TEXTBOOKS - Electromagnetic Theory & Propagation
% ============================================================================

@book{griffiths2017,
  author    = {Griffiths, David J.},
  title     = {Introduction to Electrodynamics},
  edition   = {4th},
  publisher = {Cambridge University Press},
  year      = {2017},
  keywords  = {propagation}
}

@book{balanis2016,
  author    = {Balanis, Constantine A.},
  title     = {Antenna Theory: Analysis and Design},
  edition   = {4th},
  publisher = {Wiley},
  year      = {2016},
  keywords  = {antenna}
}

@book{stutzman2012,
  author    = {Stutzman, Warren L. and Thiele, Gary A.},
  title     = {Antenna Theory and Design},
  edition   = {3rd},
  publisher = {Wiley},
  year      = {2012},
  keywords  = {antenna}
}

@book{parsons2000,
  author    = {Parsons, J. D.},
  title     = {The Mobile Radio Propagation Channel},
  edition   = {2nd},
  publisher = {Wiley},
  year      = {2000},
  keywords  = {propagation,wireless}
}

% ============================================================================
% TEXTBOOKS - Quantum Biology
% ============================================================================

@book{penrose1989,
  author    = {Penrose, Roger},
  title     = {The Emperor's New Mind},
  publisher = {Oxford University Press},
  year      = {1989},
  keywords  = {quantum}
}

@book{alkhalilimcfadden2014,
  author    = {Al-Khalili, Jim and McFadden, Johnjoe},
  title     = {Life on the Edge: The Coming Age of Quantum Biology},
  publisher = {Broadway Books},
  year      = {2014},
  keywords  = {quantum}
}

@article{hameroffpenrose2014,
  author  = {Hameroff, Stuart and Penrose, Roger},
  title   = {Consciousness in the universe: A review of the 'Orch OR' theory},
  journal = {Physics of Life Reviews},
  volume  = {11},
  number  = {1},
  pages   = {39--78},
  year    = {2014},
  keywords = {quantum}
}

% ============================================================================
% RESEARCH PAPERS - Foundational Papers
% ============================================================================

@article{shannon1948,
  author  = {Shannon, Claude E.},
  title   = {A Mathematical Theory of Communication},
  journal = {Bell System Technical Journal},
  volume  = {27},
  number  = {3},
  pages   = {379--423},
  year    = {1948},
  doi     = {10.1002/j.1538-7305.1948.tb01338.x},
  keywords = {core,coding}
}

@article{viterbi1967,
  author  = {Viterbi, Andrew J.},
  title   = {Error bounds for convolutional codes and an asymptotically optimum decoding algorithm},
  journal = {IEEE Transactions on Information Theory},
  volume  = {13},
  number  = {2},
  pages   = {260--269},
  year    = {1967},
  doi     = {10.1109/TIT.1967.1054010},
  keywords = {coding}
}

@inproceedings{berrou1993,
  author    = {Berrou, Claude and Glavieux, Alain and Thitimajshima, Punya},
  title     = {Near Shannon limit error-correcting coding and decoding: Turbo-codes},
  booktitle = {Proceedings of ICC'93},
  pages     = {1064--1070},
  year      = {1993},
  doi       = {10.1109/ICC.1993.397441},
  keywords  = {coding}
}

@article{gallager1962,
  author  = {Gallager, Robert G.},
  title   = {Low-density parity-check codes},
  journal = {IRE Transactions on Information Theory},
  volume  = {8},
  number  = {1},
  pages   = {21--28},
  year    = {1962},
  doi     = {10.1109/TIT.1962.1057683},
  keywords = {coding}
}

% ============================================================================
% RESEARCH PAPERS - Modern Wireless Systems
% ============================================================================

@article{foschinigans1998,
  author  = {Foschini, Gerard J. and Gans, Michael J.},
  title   = {On limits of wireless communications in a fading environment when using multiple antennas},
  journal = {Wireless Personal Communications},
  volume  = {6},
  number  = {3},
  pages   = {311--335},
  year    = {1998},
  doi     = {10.1023/A:1008889222784},
  keywords = {wireless,antenna}
}

@article{telatar1999,
  author  = {Telatar, Emre},
  title   = {Capacity of multi-antenna Gaussian channels},
  journal = {European Transactions on Telecommunications},
  volume  = {10},
  number  = {6},
  pages   = {585--595},
  year    = {1999},
  doi     = {10.1002/ett.4460100604},
  keywords = {wireless,antenna}
}

% ============================================================================
% RESEARCH PAPERS - THz and Quantum Biology
% ============================================================================

@article{frohlich1968,
  author  = {Fr\"{o}hlich, Herbert},
  title   = {Long-range coherence and energy storage in biological systems},
  journal = {International Journal of Quantum Chemistry},
  volume  = {2},
  number  = {5},
  pages   = {641--649},
  year    = {1968},
  doi     = {10.1002/qua.560020505},
  keywords = {quantum}
}

@article{craddock2014,
  author  = {Craddock, Travis J. A. and Tuszynski, Jack A. and Hameroff, Stuart},
  title   = {Anesthetic alterations of collective terahertz oscillations in tubulin correlate with clinical potency},
  journal = {Scientific Reports},
  volume  = {4},
  pages   = {4977},
  year    = {2014},
  doi     = {10.1038/srep04977},
  keywords = {quantum}
}

@article{frey1962,
  author  = {Frey, Allan H.},
  title   = {Human auditory system response to modulated electromagnetic energy},
  journal = {Journal of Applied Physiology},
  volume  = {17},
  number  = {4},
  pages   = {689--692},
  year    = {1962},
  doi     = {10.1152/jappl.1962.17.4.689},
  keywords = {military}
}

% ============================================================================
% STANDARDS - ITU-R
% ============================================================================

@techreport{iturp6182017,
  title       = {Propagation data and prediction methods required for the design of Earth-space telecommunication systems},
  number      = {ITU-R P.618-13},
  institution = {International Telecommunication Union},
  year        = {2017},
  url         = {https://www.itu.int/rec/R-REC-P.618/en},
  keywords    = {standards,propagation}
}

@techreport{iturp6762019,
  title       = {Attenuation by atmospheric gases and related effects},
  number      = {ITU-R P.676-12},
  institution = {International Telecommunication Union},
  year        = {2019},
  url         = {https://www.itu.int/rec/R-REC-P.676/en},
  keywords    = {standards,propagation}
}

@techreport{iturp5302017,
  title       = {Propagation data and prediction methods required for the design of terrestrial line-of-sight systems},
  number      = {ITU-R P.530-17},
  institution = {International Telecommunication Union},
  year        = {2017},
  url         = {https://www.itu.int/rec/R-REC-P.530/en},
  keywords    = {standards,propagation}
}

% ============================================================================
% STANDARDS - 3GPP
% ============================================================================

@techreport{3gpp382112021,
  title       = {NR; Physical channels and modulation},
  number      = {3GPP TS 38.211},
  institution = {3rd Generation Partnership Project},
  year        = {2021},
  url         = {https://www.3gpp.org/ftp/Specs/archive/38_series/38.211/},
  keywords    = {standards,wireless,modulation}
}

@techreport{3gpp362122020,
  title       = {LTE; Multiplexing and channel coding},
  number      = {3GPP TS 36.212},
  institution = {3rd Generation Partnership Project},
  year        = {2020},
  url         = {https://www.3gpp.org/ftp/Specs/archive/36_series/36.212/},
  keywords    = {standards,wireless,coding}
}

% ============================================================================
% STANDARDS - IEEE
% ============================================================================

@techreport{ieee8022112020,
  title       = {Wireless LAN Medium Access Control (MAC) and Physical Layer (PHY) Specifications},
  number      = {IEEE 802.11-2020},
  institution = {Institute of Electrical and Electronics Engineers},
  year        = {2020},
  url         = {https://standards.ieee.org/standard/802_11-2020.html},
  keywords    = {standards,wireless,modulation}
}

@techreport{ieee8021622017,
  title       = {Air Interface for Broadband Wireless Access Systems},
  number      = {IEEE 802.16-2017},
  institution = {Institute of Electrical and Electronics Engineers},
  year        = {2017},
  url         = {https://standards.ieee.org/standard/802_16-2017.html},
  keywords    = {standards,wireless,modulation}
}

% ============================================================================
% STANDARDS - DVB
% ============================================================================

@techreport{etsien3023072014,
  title       = {DVB-S2: Framing structure, channel coding and modulation},
  number      = {ETSI EN 302 307-1},
  institution = {European Telecommunications Standards Institute},
  year        = {2014},
  url         = {https://www.etsi.org/deliver/etsi_en/302300_302399/30230701/01.04.01_60/en_30230701v010401p.pdf},
  keywords    = {standards,modulation,coding}
}

% ============================================================================
% STANDARDS - GPS/GNSS
% ============================================================================

@techreport{isgps2002021,
  title       = {Interface Specification: Navstar GPS Space Segment/Navigation User Segment Interfaces},
  number      = {IS-GPS-200M},
  institution = {U.S. Government},
  year        = {2021},
  url         = {https://www.gps.gov/technical/icwg/IS-GPS-200M.pdf},
  keywords    = {standards,modulation}
}

@techreport{galileoossisicd2021,
  title       = {European GNSS (Galileo) Open Service Signal In Space Interface Control Document},
  number      = {Galileo OS SIS ICD},
  institution = {European Space Agency},
  year        = {2021},
  url         = {https://www.gsc-europa.eu/sites/default/files/sites/all/files/Galileo_OS_SIS_ICD_v2.0.pdf},
  keywords    = {standards,modulation}
}

% ============================================================================
% ONLINE RESOURCES
% ============================================================================

@misc{rfcafe,
  author       = {{RF Cafe}},
  title        = {RF Cafe: RF and Microwave Calculators and References},
  howpublished = {\url{https://www.rfcafe.com/}},
  year         = {2024},
  keywords     = {software}
}

@misc{wirelesspi,
  author       = {{Wireless Pi}},
  title        = {Wireless Pi: Educational Tutorials on Wireless Communications},
  howpublished = {\url{https://wirelesspi.com/}},
  year         = {2024},
  keywords     = {software}
}

@misc{dsprelated,
  author       = {{DSP Related}},
  title        = {DSP Related: Digital Signal Processing Tutorials and Forums},
  howpublished = {\url{https://www.dsprelated.com/}},
  year         = {2024},
  keywords     = {software,dsp}
}

@misc{gnuradiotutorials,
  author       = {{GNURadio Project}},
  title        = {GNURadio Tutorials},
  howpublished = {\url{https://wiki.gnuradio.org/index.php/Tutorials}},
  year         = {2024},
  keywords     = {software}
}

@misc{sharetechnote,
  author       = {{ShareTechNote}},
  title        = {ShareTechNote: Wireless Communication Systems Explained},
  howpublished = {\url{https://www.sharetechnote.com/}},
  year         = {2024},
  keywords     = {software,wireless}
}

@misc{mitocw6450,
  author       = {{MIT OpenCourseWare}},
  title        = {6.450 Principles of Digital Communications I},
  howpublished = {\url{https://ocw.mit.edu/courses/6-450-principles-of-digital-communications-i-fall-2006/}},
  year         = {2006},
  keywords     = {software}
}

@misc{stanfordsee,
  author       = {{Stanford Engineering Everywhere}},
  title        = {Stanford Engineering Everywhere: Digital Communications},
  howpublished = {\url{https://see.stanford.edu/}},
  year         = {2024},
  keywords     = {software}
}

% ============================================================================
% SIGNAL DATABASES
% ============================================================================

@misc{sigidwiki,
  author       = {{Signal Identification Wiki}},
  title        = {Signal Identification Guide},
  howpublished = {\url{https://www.sigidwiki.com/wiki/Signal_Identification_Guide}},
  year         = {2024},
  keywords     = {software}
}

@misc{radioreference,
  author       = {{RadioReference.com}},
  title        = {RadioReference: Frequency Allocations and Trunked Radio Systems},
  howpublished = {\url{https://www.radioreference.com/}},
  year         = {2024},
  keywords     = {software}
}

@misc{navipedia,
  author       = {{European Space Agency}},
  title        = {Navipedia: GNSS Encyclopedia},
  howpublished = {\url{https://gssc.esa.int/navipedia/}},
  year         = {2024},
  keywords     = {software,standards}
}

@misc{gpsgov,
  author       = {{U.S. Government}},
  title        = {GPS.gov: Official U.S. Government GPS Information},
  howpublished = {\url{https://www.gps.gov/}},
  year         = {2024},
  keywords     = {software,standards}
}

@misc{fccfreqchart,
  author       = {{National Telecommunications and Information Administration}},
  title        = {United States Frequency Allocation Chart},
  howpublished = {\url{https://www.ntia.doc.gov/files/ntia/publications/january_2016_spectrum_wall_chart.pdf}},
  year         = {2016},
  keywords     = {standards}
}

@misc{ituradioreg,
  author       = {{International Telecommunication Union}},
  title        = {ITU Radio Regulations},
  howpublished = {\url{https://www.itu.int/pub/R-REG-RR}},
  year         = {2024},
  keywords     = {standards}
}

% ============================================================================
% SOFTWARE TOOLS
% ============================================================================

@misc{gnuradio,
  author       = {{GNURadio Project}},
  title        = {GNURadio: The Free \& Open Software Radio Ecosystem},
  howpublished = {\url{https://www.gnuradio.org/}},
  year         = {2024},
  keywords     = {software}
}

@misc{sdrplusplus,
  author       = {{SDR++ Project}},
  title        = {SDR++: Cross-platform SDR Receiver Software},
  howpublished = {\url{https://www.sdrpp.org/}},
  year         = {2024},
  keywords     = {software}
}

@misc{gqrx,
  author       = {{GQRX Project}},
  title        = {GQRX: Software Defined Radio Receiver},
  howpublished = {\url{https://gqrx.dk/}},
  year         = {2024},
  keywords     = {software}
}

@misc{ltspice,
  author       = {{Analog Devices}},
  title        = {LTspice: SPICE Simulator},
  howpublished = {\url{https://www.analog.com/en/design-center/design-tools-and-calculators/ltspice-simulator.html}},
  year         = {2024},
  keywords     = {software}
}

@misc{nec2,
  author       = {{NEC2 Project}},
  title        = {NEC2: Numerical Electromagnetics Code},
  howpublished = {\url{http://www.nec2.org/}},
  year         = {2024},
  keywords     = {software,antenna}
}

@misc{4nec2,
  author       = {{4nec2 Project}},
  title        = {4nec2: NEC2 Antenna Modeler and Optimizer},
  howpublished = {\url{https://www.qsl.net/4nec2/}},
  year         = {2024},
  keywords     = {software,antenna}
}

% ============================================================================
% END OF BIBLIOGRAPHY
% ============================================================================
